@misc{maps_google_2,
  title = {Google usa dados de usuário para determinar tráfego em cidades},
  url = {https://tecnoblog.net/4172/google-usa-dados-de-usuario-para-determinar-trafego-em-cidades/},
  urldate = {2019-06-12},
  author = {Thássius Veloso},
},

@incollection{NIPS2014_5423,
    title = {Generative Adversarial Nets},
    author = {Goodfellow, Ian and Pouget-Abadie, Jean and Mirza, Mehdi and Xu, Bing and Warde-Farley, David and Ozair, Sherjil and Courville, Aaron and Bengio, Yoshua},
    booktitle = {Advances in Neural Information Processing Systems 27},
    editor = {Z. Ghahramani and M. Welling and C. Cortes and N. D. Lawrence and K. Q. Weinberger},
    pages = {2672--2680},
    year = {2014},
    publisher = {Curran Associates, Inc.},
    url = {http://papers.nips.cc/paper/5423-generative-adversarial-nets.pdf}
},

@article{zhou_2018,
	title = {{Stock Market Prediction on High-Frequency Data Using Generative Adversarial Nets}},
	author = {Zhou, Xingyu and Pan, Zhisong and Hu, Guyu and Tang, Siqi and Zhao, Cheng},
	journal = {{Mathematical Problems in Engineering}},
	volume = {2018},
	pages = {11},
	url = {10.1155/2018/4907423},
	year = {2018},
},

@article{Xiaolei_2015,
	title = {{Long short-term memory neural network for traffic speed
prediction using remote microwave sensor data}},
	author = {Xiaolei Ma, Zhimin Tao, Yinhai Wang, Haiyang Yu,Yunpeng Wang},
	journal = {{Transportation Research Part C 54 (2015) 187–197}},
	year = {2015},
},

% TODO: this name seems wrong (it is duplicated)
@article{Zainab_2018,
	title = {{Long short-term memory neural network for traffic speed
prediction using remote microwave sensor data}},
	author = {Zainab Abbas, Ahmad Al-Shishtawy, Sarunas Girdzijauskas, Vladimir Vlassov},
	journal = {{2018 IEEE International Congress on Big Data}},
	year = {2018},
},

@misc{banushev_2019, 
    title={Using the latest advancements in deep learning to predict stock price movements}, 
    url={https://towardsdatascience.com}, 
    journal={Towards Science}, 
    publisher={Medium}, 
    author={Banushev , Boris}, 
    year={2019}, 
    month={Jan}
},

@article{reed2016generative,
  title={Generative adversarial text to image synthesis},
  author={Reed, Scott and Akata, Zeynep and Yan, Xinchen and Logeswaran, Lajanugen and Schiele, Bernt and Lee, Honglak},
  journal={arXiv preprint arXiv:1605.05396},
  year={2016}
},

@inproceedings{he2013improving,
  title={Improving traffic prediction with tweet semantics},
  author={He, Jingrui and Shen, Wei and Divakaruni, Phani and Wynter, Laura and Lawrence, Rick},
  booktitle={Twenty-Third International Joint Conference on Artificial Intelligence},
  year={2013}
},

@inproceedings{wang_2018,
    author = {Wang, Jingyuan and Hu, Fei and Xu, Xiaofei and Wang, Dengbao and Guoqing, Li},
    year = {2018},
    month = {07},
    pages = {1-7},
    title = {A Deep Prediction Model of Traffic Flow Considering Precipitation Impact},
    doi = {10.1109/IJCNN.2018.8489033}
},

@article{turner2018metropolis,
  title={Metropolis-Hastings Generative Adversarial Networks},
  author={Turner, Ryan and Hung, Jane and Saatci, Yunus and Yosinski, Jason},
  journal={arXiv preprint arXiv:1811.11357},
  year={2018}
},

@article{lv_6894591, 
    title={Traffic Flow Prediction With Big Data: A Deep Learning Approach}, 
    author={Y. {Lv} and Y. {Duan} and W. {Kang} and Z. {Li} and F. {Wang}}, 
    journal={IEEE Transactions on Intelligent Transportation Systems}, 
    year={2015}, 
    volume={16}, 
    number={2}, 
    pages={865-873}, 
    keywords={Big Data;intelligent transportation systems;learning (artificial intelligence);traffic engineering computing;traffic flow prediction method;Big Data;deep learning approach;traffic flow information;intelligent transportation system;spatial correlation;temporal correlation;stacked autoencoder model;deep architecture model;Predictive models;Autoregressive processes;Training;Biological system modeling;Adaptation models;Traffic control;Artificial neural networks;Deep learning;stacked autoencoders (SAEs);traffic flow prediction;Deep learning;stacked autoencoders (SAEs);traffic flow prediction}, 
    doi={10.1109/TITS.2014.2345663}, 
    ISSN={1524-9050}, 
    month={April}
},

@article{esteban2017real,
  title={Real-valued (medical) time series generation with recurrent conditional gans},
  author={Esteban, Crist{\'o}bal and Hyland, Stephanie L and R{\"a}tsch, Gunnar},
  journal={arXiv preprint arXiv:1706.02633},
  year={2017}
}

% ---------------------------------------------------

@book{Knuth_1986_texbook,
  title = {The texbook},
  publisher = {Addison-Wesley Reading, MA, USA},
  year = {1986},
  author = {Knuth, Donald Ervin and Bibby, Duane},
  volume = {1993}
},

@book{lamport_latex:_1994,
  address = {Reading, Mass.},
  title = {{LATEX}: a document preparation system : user's guide and reference manual},
  isbn = {0201529831 9780201529838},
  shorttitle = {{LATEX}},
  publisher = {Addison-Wesley Pub. Co.},
  author = {Lamport, Leslie},
  year = {1994}
}

@book{newton1833philosophiae,
  title={Philosophiae naturalis principia mathematica},
  author={Newton, Isaac and Bernoulli, Daniel and MacLaurin, Colin and Euler, Leonhard},
  volume={1},
  year={1833},
  publisher={excudit G. Brookman; impensis TT et J. Tegg, Londini}
},

@MISC{Oetiker_1995_notsoshort,
  author = {Oetiker, Tobias and Partl, Hubert and Hyna, Irene and Schlegl, Elisabeth},
  title = {The not so short introduction to LATEX2$\varepsilon$},
  year = {1995},
  file = {Oetiker_1995_notsoshort.pdf:Oetiker_1995_notsoshort.pdf:PDF}
},

@article{scr2009,
  title={The 2009 simulated car racing championship},
  author={Loiacono, Daniele and Lanzi, Pier Luca and Togelius, Julian and Onieva, Enrique and Pelta, David A and Butz, Martin V and L{\"o}nneker, Thies D and Cardamone, Luigi and Perez, Diego and S{\'a}ez, Yago and others},
  journal={Computational Intelligence and AI in Games, IEEE Transactions on},
  volume={2},
  number={2},
  pages={131--147},
  year={2010},
  publisher={IEEE}
},

@book{covey_first_1995,
  title={First things first},
  author={Covey, Stephen R and Merrill, A Roger and Merrill, Rebecca R},
  year={1995},
  publisher={Simon and Schuster}
},

@misc{ppginf,
 author={PPGI/UnB},
 title={Regimento do Programa de P\'{o}s-gradua\c{c}\~{a}o em Inform\'{a}tica da Universidade de Bras\'{i}lia},
 howpublished={http://ppgi.unb.br/normatives},
 year={2013}
}
