@misc{banushev_2019,
	title        = {Using the latest advancements in deep learning to predict stock price movements},
	author       = {Banushev , Boris},
	year         = 2019,
	month        = jan,
	journal      = {Towards Science},
	publisher    = {Medium},
	url          = {https://towardsdatascience.com/aifortrading-2edd6fac689d}
}
@article{Breiman:1996:BP:231986.231989,
	title        = {Bagging Predictors},
	author       = {Breiman, Leo},
	year         = 1996,
	month        = aug,
	journal      = {Mach. Learn.},
	publisher    = {Kluwer Academic Publishers},
	address      = {Hingham, MA, USA},
	volume       = 24,
	number       = 2,
	pages        = {123--140},
	doi          = {10.1023/A:1018054314350},
	issn         = {0885-6125},
	url          = {http://dx.doi.org/10.1023/A:1018054314350},
	issue_date   = {Aug. 1996},
	numpages     = 18,
	acmid        = 231989,
	keywords     = {aggregation, averaging, bootstrap, combining}
}
@article{Breiman:2001:RF:570181.570182,
	title        = {Random Forests},
	author       = {Breiman, Leo},
	year         = 2001,
	month        = oct,
	journal      = {Mach. Learn.},
	publisher    = {Kluwer Academic Publishers},
	address      = {Norwell, MA, USA},
	volume       = 45,
	number       = 1,
	pages        = {5--32},
	doi          = {10.1023/A:1010933404324},
	issn         = {0885-6125},
	url          = {https://doi.org/10.1023/A:1010933404324},
	issue_date   = {October 1 2001},
	numpages     = 28,
	acmid        = 570182,
	keywords     = {classification, ensemble, regression}
}
@article{christian,
	title        = {Photo-Realistic Single Image Super-Resolution Using a Generative Adversarial Network},
	author       = {Christian Ledig, Lucas Theis, Ferenc Huszar, Jose Caballero, Andrew Cunningham, Alejandro Acosta, Andrew Aitken, Alykhan Tejani, Johannes Totz, Zehan Wang, Wenzhe Shi},
	year         = 2017
}
@misc{detran_2018,
	title        = {Frota de veículos do Distrito Federal nos últimos 10 anos},
	url          = {http://dados.gov.br/dataset/frota-de-veiculos-do-distrito-federal-nos-ultimos-10-anos},
	urldate      = {2019-10-10}
}
@article{doi:10.1080/01441647.2014.992496,
	title        = {Short-term Travel-time Prediction on Highway: A Review of the Data-driven Approach},
	author       = {Simon Oh and Young-Ji Byon and Kitae Jang and Hwasoo Yeo},
	year         = 2015,
	journal      = {Transport Reviews},
	publisher    = {Routledge},
	volume       = 35,
	number       = 1,
	pages        = {4--32},
	doi          = {10.1080/01441647.2014.992496},
	url          = {https://doi.org/10.1080/01441647.2014.992496},
	eprint       = {https://doi.org/10.1080/01441647.2014.992496}
}
@article{doi:10.1162/neco.1997.9.8.1735,
	title        = {Long Short-Term Memory},
	author       = {Hochreiter, Sepp and Schmidhuber, Jürgen},
	year         = 1997,
	journal      = {Neural Computation},
	volume       = 9,
	number       = 8,
	pages        = {1735--1780},
	doi          = {10.1162/neco.1997.9.8.1735},
	url          = {https://doi.org/10.1162/neco.1997.9.8.1735}
}
@article{esteban2017real,
	title        = {Real-valued (medical) time series generation with recurrent conditional gans},
	author       = {Esteban, Crist{\'o}bal and Hyland, Stephanie L and R{\"a}tsch, Gunnar},
	year         = 2017,
	journal      = {arXiv preprint arXiv:1706.02633}
}
@article{Felix_1999,
	title        = {{Learning to Forget: Continual Prediction with LSTM}},
	author       = {Felix A. Gers, Jurgen Schmidhuber, Fred Cummins},
	year         = 1999,
	journal      = {{Proc. ICANN'99 Int. Conf. on Articial Neural Networks}}
}
@inproceedings{fu2016using,
	title        = {Using LSTM and GRU neural network methods for traffic flow prediction},
	author       = {Fu, Rui and Zhang, Zuo and Li, Li},
	year         = 2016,
	booktitle    = {2016 31st Youth Academic Annual Conference of Chinese Association of Automation (YAC)},
	pages        = {324--328},
	organization = {IEEE}
}
@misc{G1,
	title        = {Brasil já tem 1 carro a cada 4 habitantes, diz Denatran},
	url          = {http://www.and.org.br/brasil-ja-tem-1-carro-a-cada-4-habitantes-diz-denatran/},
	urldate      = {2019-10-10}
}
@article{Greff_2015,
	title        = {LSTM: A search space odyssey},
	author       = {Klaus Greff, Rupesh K. Srivastava, Jan Koutn´ık, Bas R. Steunebrink, Jurgen Schmidhuber},
	year         = 2015,
	month        = mar,
	journal      = {IEEE Transactions on Neural Networks and Learning Systems}
}
@article{hamed_prediction_1995,
	title        = {Short-Term Prediction of Traffic Volume in Urban Arterials},
	author       = {Hamed, Mohammad and Al-Masaeid, H and M. Bani Said, Zahi},
	year         = 1995,
	month        = 5,
	journal      = {Journal of Transportation Engineering-asce - J TRANSP ENG-ASCE},
	volume       = 121,
	pages        = {},
	doi          = {10.1061/(ASCE)0733-947X(1995)121:3(249)}
}
@article{hastie2005elements,
	title        = {The elements of statistical learning: data mining, inference and prediction},
	author       = {Hastie, Trevor and Tibshirani, Robert and Friedman, Jerome and Franklin, James},
	year         = 2005,
	journal      = {The Mathematical Intelligencer},
	publisher    = {Springer},
	volume       = 27,
	number       = 2,
	pages        = {83--85}
}
@inproceedings{he2013improving,
	title        = {Improving traffic prediction with tweet semantics},
	author       = {He, Jingrui and Shen, Wei and Divakaruni, Phani and Wynter, Laura and Lawrence, Rick},
	year         = 2013,
	booktitle    = {Twenty-Third International Joint Conference on Artificial Intelligence}
}
@article{hou2014traffic,
	title        = {Traffic flow forecasting for urban work zones},
	author       = {Hou, Yi and Edara, Praveen and Sun, Carlos},
	year         = 2014,
	journal      = {IEEE transactions on intelligent transportation systems},
	publisher    = {IEEE},
	volume       = 16,
	number       = 4,
	pages        = {1761--1770}
}
@article{Hu2016,
	title        = {A Short-term Traffic Flow Forecasting Method Based on the Hybrid PSO-SVR},
	author       = {Hu, Wenbin and Yan, Liping and Liu, Kaizeng and Wang, Huan},
	year         = 2016,
	month        = feb,
	day          = 1,
	journal      = {Neural Processing Letters},
	volume       = 43,
	number       = 1,
	pages        = {155--172},
	doi          = {10.1007/s11063-015-9409-6},
	issn         = {1573-773X},
	url          = {https://doi.org/10.1007/s11063-015-9409-6}
}
@article{levin_forecast_1980,
	title        = {On forecasting freeway occupancies and volumes},
	author       = {Levin, M and Tsao, Y.-D},
	year         = 1980,
	month        = 1,
	journal      = {Transportation Research Record},
	volume       = 773,
	pages        = {47--49}
}
@article{luo2019traffic,
	title        = {{Traffic Flow Prediction during the Holidays Based on DFT and SVR}},
	author       = {Luo, Xianglong and Li, Danyang and Zhang, Shengrui},
	year         = 2019,
	journal      = {{Journal of Sensors}},
	volume       = 2019,
	pages        = 10,
	url          = {10.1155/2019/6461450}
}
@article{lv_6894591,
	title        = {Traffic Flow Prediction With Big Data: A Deep Learning Approach},
	author       = {Y. {Lv} and Y. {Duan} and W. {Kang} and Z. {Li} and F. {Wang}},
	year         = 2015,
	month        = apr,
	journal      = {IEEE Transactions on Intelligent Transportation Systems},
	volume       = 16,
	number       = 2,
	pages        = {865--873},
	doi          = {10.1109/TITS.2014.2345663},
	issn         = {1524-9050},
	keywords     = {Big Data;intelligent transportation systems;learning (artificial intelligence);traffic engineering computing;traffic flow prediction method;Big Data;deep learning approach;traffic flow information;intelligent transportation system;spatial correlation;temporal correlation;stacked autoencoder model;deep architecture model;Predictive models;Autoregressive processes;Training;Biological system modeling;Adaptation models;Traffic control;Artificial neural networks;Deep learning;stacked autoencoders (SAEs);traffic flow prediction;Deep learning;stacked autoencoders (SAEs);traffic flow prediction}
}
@misc{maps_google_2,
	title        = {Google usa dados de usuário para determinar tráfego em cidades},
	author       = {Thássius Veloso},
	url          = {https://tecnoblog.net/4172/google-usa-dados-de-usuario-para-determinar-trafego-em-cidades/},
	urldate      = {2019-06-12}
}
@book{Mitchell_1997,
	title        = {Machine Learning},
	author       = {Mitchell, Tom M.},
	year         = 1997,
	publisher    = {McGraw-Hill Science/Engineering/Math; (March 1, 1997)}
}
@article{Seoul,
	title        = {Long Short-Term Memory Recurrent Neural Network for Urban Traffic Prediction: A Case Study of Seoul},
	author       = {Yong-Ju Lee and OkGee Min},
	year         = 2018,
	journal      = {2018 21st International Conference on Intelligent Transportation Systems (ITSC)}
}
@misc{sindipecas_2019,
	title        = {Relatório da Frota Circulante},
	url          = {https://www.sindipecas.org.br/sindinews/Economia/2019/RelatorioFrotaCirculante_Maio_2019.pdf},
	urldate      = {2019-07-04},
	language     = {Portuguese}
}
@techreport{Smola03atutorial,
	title        = {A Tutorial on Support Vector Regression},
	author       = {Alex J. Smola and Bernhard Schölkopf},
	year         = 2003,
	institution  = {STATISTICS AND COMPUTING}
}
@misc{stack_2018,
	title        = {Developer Survey Results 2018},
	url          = {https://insights.stackoverflow.com/survey/2018},
	urldate      = {2019-07-05}
}
@article{Tashman_2000,
	title        = {Out-of sample tests of forecasting accuracy: a tutorial and review},
	author       = {Len Tashman},
	year         = 2000,
	journal      = {International Journal of Forecasting}
}
@article{Vitor_2019,
	title        = {Evaluating time series forecasting models: An empirical study on performance estimation methods},
	author       = {Vitor Cerqueira and  Luis Torgo and  Igor Mozetic},
	year         = 2019
}
@inproceedings{wang_2018,
	title        = {A Deep Prediction Model of Traffic Flow Considering Precipitation Impact},
	author       = {Wang, Jingyuan and Hu, Fei and Xu, Xiaofei and Wang, Dengbao and Guoqing, Li},
	year         = 2018,
	month        = 7,
	pages        = {1--7},
	doi          = {10.1109/IJCNN.2018.8489033}
}
@article{Xiaolei_2015,
	title        = {{Long short-term memory neural network for traffic speed prediction using remote microwave sensor data}},
	author       = {Xiaolei Ma, Zhimin Tao, Yinhai Wang, Haiyang Yu,Yunpeng Wang},
	year         = 2015,
	journal      = {{Transportation Research Part C 54 (2015) 187–197}},
	language     = {English}
}
@inproceedings{xu2013short,
	title        = {Short-term traffic volume prediction using classification and regression trees},
	author       = {Xu, Yanyan and Kong, Qing-Jie and Liu, Yuncai},
	year         = 2013,
	booktitle    = {2013 IEEE Intelligent Vehicles Symposium (IV)},
	pages        = {493--498},
	organization = {IEEE}
}
@article{Zainab_2018,
	title        = {Short-Term Traffic Prediction Using Long Short-Term Memory Neural Networks},
	author       = {Zainab Abbas, Ahmad Al-Shishtawy, Sarunas Girdzijauskas, Vladimir Vlassov},
	year         = 2018,
	journal      = {{2018 IEEE International Congress on Big Data}}
}
@article{zhou_2018,
	title        = {{Stock Market Prediction on High-Frequency Data Using Generative Adversarial Nets}},
	author       = {Zhou, Xingyu and Pan, Zhisong and Hu, Guyu and Tang, Siqi and Zhao, Cheng},
	year         = 2018,
	journal      = {{Mathematical Problems in Engineering}},
	volume       = 2018,
	pages        = 11,
	url          = {10.1155/2018/4907423}
}
